%YAML 1.1
%TAG !u! tag:unity3d.com,2011:
--- !u!206 &-9038468139227824551
BlendTree:
  m_ObjectHideFlags: 1
  m_CorrespondingSourceObject: {fileID: 0}
  m_PrefabInstance: {fileID: 0}
  m_PrefabAsset: {fileID: 0}
  m_Name: Blend Tree
  m_Childs:
  - serializedVersion: 2
    m_Motion: {fileID: 7400000, guid: abc40a1ce94fe4f43907ee38a757fee3, type: 3}
    m_Threshold: 0
    m_Position: {x: 0, y: 0}
    m_TimeScale: 1
    m_CycleOffset: 0
    m_DirectBlendParameter: Blend
    m_Mirror: 0
  - serializedVersion: 2
    m_Motion: {fileID: 7400000, guid: 41c5722573ebdf549a2c33ef029a0aed, type: 3}
    m_Threshold: 2
    m_Position: {x: 0, y: 0}
    m_TimeScale: 1
    m_CycleOffset: 0
    m_DirectBlendParameter: Blend
    m_Mirror: 0
  m_BlendParameter: _Speed
  m_BlendParameterY: Blend
  m_MinThreshold: 0
  m_MaxThreshold: 2
  m_UseAutomaticThresholds: 0
  m_NormalizedBlendValues: 0
  m_BlendType: 0
--- !u!1101 &-6490950459288433459
AnimatorStateTransition:
  m_ObjectHideFlags: 1
  m_CorrespondingSourceObject: {fileID: 0}
  m_PrefabInstance: {fileID: 0}
  m_PrefabAsset: {fileID: 0}
  m_Name: 
  m_Conditions: []
  m_DstStateMachine: {fileID: 0}
  m_DstState: {fileID: 5244444215883371436}
  m_Solo: 0
  m_Mute: 0
  m_IsExit: 0
  serializedVersion: 3
  m_TransitionDuration: 0.05
  m_TransitionOffset: 0
  m_ExitTime: 0.9
  m_HasExitTime: 1
  m_HasFixedDuration: 0
  m_InterruptionSource: 0
  m_OrderedInterruption: 1
  m_CanTransitionToSelf: 1
--- !u!1101 &-5915960572254228000
AnimatorStateTransition:
  m_ObjectHideFlags: 1
  m_CorrespondingSourceObject: {fileID: 0}
  m_PrefabInstance: {fileID: 0}
  m_PrefabAsset: {fileID: 0}
  m_Name: 
  m_Conditions:
  - m_ConditionMode: 1
    m_ConditionEvent: _IsDamaged
    m_EventTreshold: 0
  m_DstStateMachine: {fileID: 0}
  m_DstState: {fileID: 355869717380531655}
  m_Solo: 0
  m_Mute: 0
  m_IsExit: 0
  serializedVersion: 3
  m_TransitionDuration: 0.05
  m_TransitionOffset: 0
  m_ExitTime: 0.75
  m_HasExitTime: 0
  m_HasFixedDuration: 0
  m_InterruptionSource: 0
  m_OrderedInterruption: 1
  m_CanTransitionToSelf: 1
--- !u!1101 &-3772440333032822074
AnimatorStateTransition:
  m_ObjectHideFlags: 1
  m_CorrespondingSourceObject: {fileID: 0}
  m_PrefabInstance: {fileID: 0}
  m_PrefabAsset: {fileID: 0}
  m_Name: 
  m_Conditions: []
  m_DstStateMachine: {fileID: 0}
  m_DstState: {fileID: 5244444215883371436}
  m_Solo: 0
  m_Mute: 0
  m_IsExit: 0
  serializedVersion: 3
  m_TransitionDuration: 0.05
  m_TransitionOffset: 0
  m_ExitTime: 1
  m_HasExitTime: 1
  m_HasFixedDuration: 0
  m_InterruptionSource: 0
  m_OrderedInterruption: 1
  m_CanTransitionToSelf: 1
--- !u!1102 &-3454310461516490871
AnimatorState:
  serializedVersion: 6
  m_ObjectHideFlags: 1
  m_CorrespondingSourceObject: {fileID: 0}
  m_PrefabInstance: {fileID: 0}
  m_PrefabAsset: {fileID: 0}
  m_Name: Attack
  m_Speed: 1
  m_CycleOffset: 0
  m_Transitions:
  - {fileID: -3772440333032822074}
  - {fileID: 2025977947885310738}
  m_StateMachineBehaviours: []
  m_Position: {x: 50, y: 50, z: 0}
  m_IKOnFeet: 0
  m_WriteDefaultValues: 1
  m_Mirror: 0
  m_SpeedParameterActive: 0
  m_MirrorParameterActive: 0
  m_CycleOffsetParameterActive: 0
  m_TimeParameterActive: 0
  m_Motion: {fileID: 7400000, guid: 004e9993c312cd4459c3ac3bc0b7bca3, type: 2}
  m_Tag: 
  m_SpeedParameter: 
  m_MirrorParameter: 
  m_CycleOffsetParameter: 
  m_TimeParameter: 
--- !u!1101 &-1408355574407328577
AnimatorStateTransition:
  m_ObjectHideFlags: 1
  m_CorrespondingSourceObject: {fileID: 0}
  m_PrefabInstance: {fileID: 0}
  m_PrefabAsset: {fileID: 0}
  m_Name: 
  m_Conditions:
  - m_ConditionMode: 1
    m_ConditionEvent: _Attack
    m_EventTreshold: 0
  m_DstStateMachine: {fileID: 0}
  m_DstState: {fileID: -3454310461516490871}
  m_Solo: 0
  m_Mute: 0
  m_IsExit: 0
  serializedVersion: 3
  m_TransitionDuration: 0.05
  m_TransitionOffset: 0
  m_ExitTime: 0.94392526
  m_HasExitTime: 0
  m_HasFixedDuration: 0
  m_InterruptionSource: 0
  m_OrderedInterruption: 1
  m_CanTransitionToSelf: 1
--- !u!91 &9100000
AnimatorController:
  m_ObjectHideFlags: 0
  m_CorrespondingSourceObject: {fileID: 0}
  m_PrefabInstance: {fileID: 0}
  m_PrefabAsset: {fileID: 0}
  m_Name: Horseman_ Animator Controller
  serializedVersion: 5
  m_AnimatorParameters:
  - m_Name: _Speed
    m_Type: 1
    m_DefaultFloat: 0
    m_DefaultInt: 0
    m_DefaultBool: 0
    m_Controller: {fileID: 0}
  - m_Name: _Attack
    m_Type: 9
    m_DefaultFloat: 0
    m_DefaultInt: 0
    m_DefaultBool: 0
    m_Controller: {fileID: 0}
  - m_Name: _IsAttackBlocked
    m_Type: 9
    m_DefaultFloat: 0
    m_DefaultInt: 0
    m_DefaultBool: 0
    m_Controller: {fileID: 0}
  - m_Name: _IsDamaged
    m_Type: 9
    m_DefaultFloat: 0
    m_DefaultInt: 0
    m_DefaultBool: 0
    m_Controller: {fileID: 0}
  m_AnimatorLayers:
  - serializedVersion: 5
    m_Name: Base Layer
    m_StateMachine: {fileID: 1107800446495626242}
    m_Mask: {fileID: 0}
    m_Motions: []
    m_Behaviours: []
    m_BlendingMode: 0
    m_SyncedLayerIndex: -1
    m_DefaultWeight: 0
    m_IKPass: 0
    m_SyncedLayerAffectsTiming: 0
    m_Controller: {fileID: 9100000}
--- !u!1102 &355869717380531655
AnimatorState:
  serializedVersion: 6
  m_ObjectHideFlags: 1
  m_CorrespondingSourceObject: {fileID: 0}
  m_PrefabInstance: {fileID: 0}
  m_PrefabAsset: {fileID: 0}
  m_Name: Damaged
  m_Speed: 1
  m_CycleOffset: 0
  m_Transitions:
  - {fileID: -6490950459288433459}
  m_StateMachineBehaviours: []
  m_Position: {x: 50, y: 50, z: 0}
  m_IKOnFeet: 0
  m_WriteDefaultValues: 1
  m_Mirror: 0
  m_SpeedParameterActive: 0
  m_MirrorParameterActive: 0
  m_CycleOffsetParameterActive: 0
  m_TimeParameterActive: 0
  m_Motion: {fileID: 7400000, guid: 00c179238545cb74aa73002d6caa2e6b, type: 3}
  m_Tag: 
  m_SpeedParameter: 
  m_MirrorParameter: 
  m_CycleOffsetParameter: 
  m_TimeParameter: 
--- !u!1107 &1107800446495626242
AnimatorStateMachine:
  serializedVersion: 6
  m_ObjectHideFlags: 1
  m_CorrespondingSourceObject: {fileID: 0}
  m_PrefabInstance: {fileID: 0}
  m_PrefabAsset: {fileID: 0}
  m_Name: Base Layer
  m_ChildStates:
  - serializedVersion: 1
    m_State: {fileID: 5244444215883371436}
    m_Position: {x: 260, y: 170, z: 0}
  - serializedVersion: 1
    m_State: {fileID: -3454310461516490871}
    m_Position: {x: 260, y: 260, z: 0}
  - serializedVersion: 1
    m_State: {fileID: 7941121850560602580}
    m_Position: {x: 650, y: 210, z: 0}
  - serializedVersion: 1
    m_State: {fileID: 355869717380531655}
    m_Position: {x: 270, y: 20, z: 0}
  m_ChildStateMachines: []
  m_AnyStateTransitions:
  - {fileID: -5915960572254228000}
  m_EntryTransitions: []
  m_StateMachineTransitions: {}
  m_StateMachineBehaviours: []
  m_AnyStatePosition: {x: 50, y: 20, z: 0}
  m_EntryPosition: {x: 50, y: 120, z: 0}
  m_ExitPosition: {x: 800, y: 120, z: 0}
  m_ParentStateMachinePosition: {x: 800, y: 20, z: 0}
  m_DefaultState: {fileID: 5244444215883371436}
--- !u!1109 &1109877554420187804
AnimatorTransition:
  m_ObjectHideFlags: 1
  m_CorrespondingSourceObject: {fileID: 0}
  m_PrefabInstance: {fileID: 0}
  m_PrefabAsset: {fileID: 0}
  m_Name: 
  m_Conditions: []
  m_DstStateMachine: {fileID: 0}
  m_DstState: {fileID: 1102260152448827876}
  m_Solo: 0
  m_Mute: 0
  m_IsExit: 0
  serializedVersion: 1
--- !u!1101 &2025977947885310738
AnimatorStateTransition:
  m_ObjectHideFlags: 1
  m_CorrespondingSourceObject: {fileID: 0}
  m_PrefabInstance: {fileID: 0}
  m_PrefabAsset: {fileID: 0}
  m_Name: 
  m_Conditions:
  - m_ConditionMode: 1
    m_ConditionEvent: _IsAttackBlocked
    m_EventTreshold: 0
  m_DstStateMachine: {fileID: 0}
  m_DstState: {fileID: 7941121850560602580}
  m_Solo: 0
  m_Mute: 0
  m_IsExit: 0
  serializedVersion: 3
  m_TransitionDuration: 0.05
  m_TransitionOffset: 0
  m_ExitTime: 0.8235294
  m_HasExitTime: 0
  m_HasFixedDuration: 0
  m_InterruptionSource: 0
  m_OrderedInterruption: 1
  m_CanTransitionToSelf: 1
--- !u!1101 &3719712703113752266
AnimatorStateTransition:
  m_ObjectHideFlags: 1
  m_CorrespondingSourceObject: {fileID: 0}
  m_PrefabInstance: {fileID: 0}
  m_PrefabAsset: {fileID: 0}
  m_Name: 
  m_Conditions: []
  m_DstStateMachine: {fileID: 0}
  m_DstState: {fileID: 5244444215883371436}
  m_Solo: 0
  m_Mute: 0
  m_IsExit: 0
  serializedVersion: 3
  m_TransitionDuration: 0.1
  m_TransitionOffset: 0
  m_ExitTime: 0.9
  m_HasExitTime: 1
  m_HasFixedDuration: 0
  m_InterruptionSource: 0
  m_OrderedInterruption: 1
  m_CanTransitionToSelf: 1
--- !u!1102 &5244444215883371436
AnimatorState:
  serializedVersion: 6
  m_ObjectHideFlags: 1
  m_CorrespondingSourceObject: {fileID: 0}
  m_PrefabInstance: {fileID: 0}
  m_PrefabAsset: {fileID: 0}
  m_Name: Move
  m_Speed: 1
  m_CycleOffset: 0
  m_Transitions:
  - {fileID: -1408355574407328577}
  m_StateMachineBehaviours: []
  m_Position: {x: 50, y: 50, z: 0}
  m_IKOnFeet: 0
  m_WriteDefaultValues: 1
  m_Mirror: 0
  m_SpeedParameterActive: 0
  m_MirrorParameterActive: 0
  m_CycleOffsetParameterActive: 0
  m_TimeParameterActive: 0
  m_Motion: {fileID: -9038468139227824551}
  m_Tag: 
  m_SpeedParameter: 
  m_MirrorParameter: 
  m_CycleOffsetParameter: 
  m_TimeParameter: 
--- !u!1102 &7941121850560602580
AnimatorState:
  serializedVersion: 6
  m_ObjectHideFlags: 1
  m_CorrespondingSourceObject: {fileID: 0}
  m_PrefabInstance: {fileID: 0}
  m_PrefabAsset: {fileID: 0}
  m_Name: Anim_AttackBlocked
  m_Speed: 1
  m_CycleOffset: 0
  m_Transitions:
  - {fileID: 3719712703113752266}
  m_StateMachineBehaviours: []
  m_Position: {x: 50, y: 50, z: 0}
  m_IKOnFeet: 0
  m_WriteDefaultValues: 1
  m_Mirror: 0
  m_SpeedParameterActive: 0
  m_MirrorParameterActive: 0
  m_CycleOffsetParameterActive: 0
  m_TimeParameterActive: 0
  m_Motion: {fileID: 7400000, guid: b76e267ad2030c2419ee3d9a4a973e99, type: 2}
  m_Tag: 
  m_SpeedParameter: 
  m_MirrorParameter: 
  m_CycleOffsetParameter: 
  m_TimeParameter: 
